@article{MolnerDomenech:2020,
  doi = {10.1088/1742-6596/1603/1/012025},
  url = {https://dx.doi.org/10.1088/1742-6596/1603/1/012025},
  year = {2020},
  month = {sep},
  publisher = {IOP Publishing},
  volume = {1603},
  number = {1},
  pages = {012025},
  author = {Antonio Molner Domenech and Alberto Guillén},
  title = {ml-experiment: A Python framework for reproducible data science},
  journal = {Journal of Physics: Conference Series},
}

@INPROCEEDINGS{Conquest:2021,
  author={Conquest, Joseph and Stiber, Michael},
  booktitle={2021 IEEE 17th International Conference on eScience (eScience)}, 
  title={Software and Data Provenance as a Basis for eScience Workflow}, 
  year={2021},
  volume={},
  number={},
  pages={245-246},
  doi={10.1109/eScience51609.2021.00043}
}

@article{Alberti:2018,
  author = {Alberti, Michele and Pondenkandath, Vinaychandran and Gygli, Marcel and Ingold, Rolf and Liwicki, Marcus},
  year = {2018},
  month = {04},
  pages = {},
  title = {DeepDIVA: A Highly-Functional Python Framework for Reproducible Experiments}
}

@article{Miksa:2017,
  author = {Miksa, Tomasz and Rauber, Andreas},
  year = {2017},
  month = {01},
  pages = {},
  title = {Using ontologies for verification and validation of workflow-based experiments},
  volume = {43},
  journal = {Web Semantics: Science, Services and Agents on the World Wide Web},
  doi = {10.1016/j.websem.2017.01.002}
}

@article{Sahoo:2008,
  author = {Sahoo, Satya and Sheth, Amit and Henson, Cory},
  year = {2008},
  month = {08},
  pages = {46 - 54},
  title = {Semantic Provenance for eScience: Managing the Deluge of Scientific Data},
  volume = {12},
  journal = {Internet Computing, IEEE},
  doi = {10.1109/MIC.2008.86}
}

@INPROCEEDINGS{Hunter:2005,
  author = {Hunter, Jane and Cheung, Kwok},
  year = {2005},
  month = {09},
  pages = {},
  title = {Generating eScience Workflows from Statistical Analysis of Prior Data},
  booktitle = {Proceedings of the APAC Conference and Exhibition on Advanced Computing, Grid Applications and eResearch (APAC'05)}
}

@article{Liu:2023,
  author = {Liu, Lu and Jones, Benjamin F. and Uzzi, Brian and Wang, Dashun},
  year = {2023},
  month = {06},
  pages = {2397-3374},
  title = {Data, measurement and empirical methods in the science of science},
  journal = {Nature Human Behaviour},
  doi = {10.1038/s41562-023-01562-4}
}

@inbook{Ferdous2020,
 author = {Ferdous, Rayhan and Roy, Banani and Roy, Chanchal and Schneider, Kevin},
 year = {2020},
 month = {01},
 pages = {185-200},
 title = {Workflow Provenance for Big Data: From Modelling to Reporting},
 booktitle = {Data Management and Analysis}
 isbn = {978-3-030-32586-2},
 doi = {10.1007/978-3-030-32587-9_11}
}

@inproceedings{Howe2008,
 author = {Howe, Bill and Lawson, Peter and Bellinger, M. Renee and Anderson, Erik and Santos, Emanuele and Freire, Juliana and Scheidegger, Carlos and Baptista, Antonio and Silva, Claudio},
 year = {2008},
 month = {12},
 pages = {127-134},
 title = {End-to-End eScience: Integrating Workflow, Query, Visualization, and Provenance at an Ocean Observatory},
 journal = {Proceedings - 4th IEEE International Conference on eScience, eScience 2008},
 doi = {10.1109/eScience.2008.67}
}

@article{Subramanian2013,
 author = {Subramanian, Sattanathan and Sztromwasser, Pawel and Puntervoll, Pål and Petersen, Kjell},
 year = {2013},
 month = {08},
 pages = {},
 title = {Pipelined data-flow delegated orchestration for data-intensive eScience workflows},
 volume = {9},
 journal = {International Journal of Web Information Systems},
 doi = {10.1108/IJWIS-05-2013-0012}
}

@article{Sahoo2009,
 author = {Sahoo, Satya and Sheth, Amit},
 year = {2009},
 month = {01},
 pages = {},
 title = {Provenir ontology: Towards a Framework for eScience Provenance Management},
 url = {https://corescholar.libraries.wright.edu/knoesis/80/}
}

@article{Ioannidis2005,
    doi = {10.1371/journal.pmed.0020124},
    author = {Ioannidis, John P. A.},
    journal = {PLOS Medicine},
    publisher = {Public Library of Science},
    title = {Why Most Published Research Findings Are False},
    year = {2005},
    month = {08},
    volume = {2},
    url = {https://doi.org/10.1371/journal.pmed.0020124},
    number = {8},

}
